@STRING{aicom   = "AI Communications" }

@Article{gekakaosscsc11a,
     author =   "M. Gebser and R. Kaminski and B. Kaufmann and M. Ostrowski
                     and T. Schaub and M. Schneider",
     title =    "Potassco: The {P}otsdam Answer Set Solving Collection",
     journal =  aicom,
     year =     2011,
     volume =   24,
     number =   2,
     pages =    "107-124"
}

@inproceedings{Audemard:2014,
    author    = {Gilles Audemard and Christophe Lecoutre and Mouny Samy Modeliar and Gilles Goncalves and Daniel Porumbel},
    title     = {Scoring-Based Neighborhood Dominance for the Subgraph Isomorphism Problem},
    booktitle = {Principles and Practice of Constraint Programming - 20th International
        Conference, {CP} 2014, Lyon, France, September 8-12, 2014. Proceedings},
    pages     = {125--141},
    year      = {2014},
    url       = {http://dx.doi.org/10.1007/978-3-319-10428-7_12},
    doi       = {10.1007/978-3-319-10428-7_12},
    timestamp = {Wed, 10 Sep 2014 14:36:56 +0200},
    biburl    = {http://dblp.uni-trier.de/rec/bib/conf/cp/AudemardLMGP14},
    bibsource = {dblp computer science bibliography, http://dblp.org}
}

@article{Solnon:2010,
    author    = {Christine Solnon},
    title     = {AllDifferent-based filtering for subgraph isomorphism},
    journal   = {Artif. Intell.},
    volume    = {174},
    number    = {12-13},
    pages     = {850--864},
    year      = {2010},
    url       = {http://dx.doi.org/10.1016/j.artint.2010.05.002},
    doi       = {10.1016/j.artint.2010.05.002},
    timestamp = {Thu, 09 Sep 2010 10:40:31 +0200},
    biburl    = {http://dblp.uni-trier.de/rec/bib/journals/ai/Solnon10},
    bibsource = {dblp computer science bibliography, http://dblp.org}
}

@article{Cordella:2004,
    author    = {Luigi P. Cordella and Pasquale Foggia and Carlo Sansone and Mario Vento},
    title     = {A (Sub)Graph Isomorphism Algorithm for Matching Large Graphs},
    journal   = {{IEEE} Trans. Pattern Anal. Mach. Intell.},
    volume    = {26},
    number    = {10},
    pages     = {1367--1372},
    year      = {2004},
    url       = {http://doi.ieeecomputersociety.org/10.1109/TPAMI.2004.75},
    doi       = {10.1109/TPAMI.2004.75},
    timestamp = {Wed, 26 Oct 2011 12:01:25 +0200},
    biburl    = {http://dblp.uni-trier.de/rec/bib/journals/pami/CordellaFSV04},
    bibsource = {dblp computer science bibliography, http://dblp.org}
}

@incollection{McCreesh:2015,
    year={2015},
    isbn={978-3-319-23218-8},
    booktitle={Principles and Practice of Constraint Programming},
    volume={9255},
    series={Lecture Notes in Computer Science},
    editor={Pesant, Gilles},
    doi={10.1007/978-3-319-23219-5_21},
    title={A Parallel, Backjumping Subgraph Isomorphism Algorithm Using Supplemental Graphs},
    url={http://dx.doi.org/10.1007/978-3-319-23219-5_21},
    publisher={Springer International Publishing},
    author={McCreesh, Ciaran and Prosser, Patrick},
    pages={295-312},
    language={English}
}

@incollection{Anton:2009,
    year={2009},
    isbn={978-3-642-01817-6},
    booktitle={Advances in Artificial Intelligence},
    volume={5549},
    series={Lecture Notes in Computer Science},
    editor={Gao, Yong and Japkowicz, Nathalie},
    doi={10.1007/978-3-642-01818-3_5},
    title={Generating Satisfiable SAT Instances Using Random Subgraph Isomorphism},
    url={http://dx.doi.org/10.1007/978-3-642-01818-3_5},
    publisher={Springer Berlin Heidelberg},
    author={Anton, C\v{a}lin and Olson, Lane},
    pages={16-26},
    language={English}
}

@article{Lipets:2009,
    year={2009},
    issn={1384-5810},
    journal={Data Mining and Knowledge Discovery},
    volume={19},
    number={3},
    doi={10.1007/s10618-009-0132-7},
    title={Subsea: an efficient heuristic algorithm for subgraph isomorphism},
    url={http://dx.doi.org/10.1007/s10618-009-0132-7},
    publisher={Springer US},
    keywords={Graph algorithms; Subgraph isomorphism; Heuristic; Bisection},
    author={Lipets, V. and Vanetik, N. and Gudes, E.},
    pages={320-350},
    language={English}
}

@article{LeytonBrown:2014,
    author = {Leyton-Brown, Kevin and Hoos, Holger H. and Hutter, Frank and Xu, Lin},
    title = {Understanding the Empirical Hardness of {NP}-complete Problems},
    journal = {Commun. ACM},
    issue_date = {May 2014},
    volume = {57},
    number = {5},
    month = may,
    year = {2014},
    issn = {0001-0782},
    pages = {98--107},
    numpages = {10},
    url = {http://doi.acm.org/10.1145/2594413.2594424},
    doi = {10.1145/2594413.2594424},
    acmid = {2594424},
    publisher = {ACM},
    address = {New York, NY, USA},
}

@inproceedings{DBLP:conf/ijcai/CheesemanKT91,
  author    = {Peter Cheeseman and
               Bob Kanefsky and
               William M. Taylor},
  title     = {Where the Really Hard Problems Are},
  booktitle = {Proceedings of the 12th International Joint Conference on Artificial
               Intelligence. Sydney, Australia, August 24-30, 1991},
  pages     = {331--340},
  year      = {1991},
  crossref  = {DBLP:conf/ijcai/1991},
  timestamp = {Mon, 21 Jan 2013 14:26:51 +0100},
  biburl    = {http://dblp.uni-trier.de/rec/bib/conf/ijcai/CheesemanKT91},
  bibsource = {dblp computer science bibliography, http://dblp.org}
}

@proceedings{DBLP:conf/ijcai/1991,
  editor    = {John Mylopoulos and
               Raymond Reiter},
  title     = {Proceedings of the 12th International Joint Conference on Artificial
               Intelligence. Sydney, Australia, August 24-30, 1991},
  publisher = {Morgan Kaufmann},
  year      = {1991},
  isbn      = {1-55860-160-0},
  timestamp = {Mon, 21 Jan 2013 14:26:51 +0100},
  biburl    = {http://dblp.uni-trier.de/rec/bib/conf/ijcai/1991},
  bibsource = {dblp computer science bibliography, http://dblp.org}
}

@inproceedings{Mitchell:1992,
  author    = {David G. Mitchell and
               Bart Selman and
               Hector J. Levesque},
  title     = {Hard and Easy Distributions of {SAT} Problems},
  booktitle = {Proceedings of the 10th National Conference on Artificial Intelligence.
               San Jose, CA, July 12-16, 1992.},
  pages     = {459--465},
  year      = {1992},
  url       = {http://www.aaai.org/Library/AAAI/1992/aaai92-071.php},
  timestamp = {Tue, 11 Dec 2012 17:40:41 +0100},
  biburl    = {http://dblp.uni-trier.de/rec/bib/conf/aaai/MitchellSL92},
  bibsource = {dblp computer science bibliography, http://dblp.org}
}

@article{Levi:1973,
    year={1973},
    issn={0008-0624},
    journal={CALCOLO},
    volume={9},
    number={4},
    doi={10.1007/BF02575586},
    title={A note on the derivation of maximal common subgraphs of two directed or undirected graphs},
    url={http://dx.doi.org/10.1007/BF02575586},
    publisher={Springer-Verlag},
    author={Levi, G.},
    pages={341-352},
    language={English}
}

@incollection{Smith:1997,
    year={1997},
    isbn={978-3-540-63753-0},
    booktitle={Principles and Practice of Constraint Programming-CP97},
    volume={1330},
    series={Lecture Notes in Computer Science},
    editor={Smolka, Gert},
    doi={10.1007/BFb0017439},
    title={Modelling exceptionally hard constraint satisfaction problems},
    url={http://dx.doi.org/10.1007/BFb0017439},
    publisher={Springer Berlin Heidelberg},
    author={Smith, Barbara M. and Grant, Stuart A.},
    pages={182-195},
    language={English}
}

@inproceedings{Smith:1994,
    author    = {Barbara M. Smith},
    title     = {The Phase Transition and the Mushy Region in Constraint Satisfaction
                 Problems},
    booktitle = {Proceedings of the Eleventh European Conference on Artificial
                 Intelligence, Amsterdam, The Netherlands, August 8-12, 1994},
    pages     = {100--104},
    year      = {1994},
    timestamp = {Thu, 03 Jan 2002 11:56:56 +0100},
    biburl    = {http://dblp.uni-trier.de/rec/bib/conf/ecai/Smith94},
    bibsource = {dblp computer science bibliography, http://dblp.org}
}

@article{Smith:1996,
    author    = {Barbara M. Smith and
                 Martin E. Dyer},
    title     = {Locating the Phase Transition in Binary Constraint Satisfaction Problems},
    journal   = {Artif. Intell.},
    volume    = {81},
    number    = {1-2},
    pages     = {155--181},
    year      = {1996},
    url       = {http://dx.doi.org/10.1016/0004-3702(95)00052-6},
    doi       = {10.1016/0004-3702(95)00052-6},
    timestamp = {Wed, 19 Nov 2003 16:01:19 +0100},
    biburl    = {http://dblp.uni-trier.de/rec/bib/journals/ai/SmithD96},
    bibsource = {dblp computer science bibliography, http://dblp.org}
}

@inproceedings{Walsh:1998,
    author    = {Toby Walsh},
    title     = {The Constrainedness Knife-Edge},
    booktitle = {Proceedings of the Fifteenth National Conference on Artificial Intelligence
                 and Tenth Innovative Applications of Artificial Intelligence Conference,
                 {AAAI} 98, {IAAI} 98, July 26-30, 1998, Madison, Wisconsin, {USA.}},
    pages     = {406--411},
    year      = {1998},
    url       = {http://www.aaai.org/Library/AAAI/1998/aaai98-057.php},
    timestamp = {Tue, 11 Dec 2012 12:57:22 +0100},
    biburl    = {http://dblp.uni-trier.de/rec/bib/conf/aaai/Walsh98},
    bibsource = {dblp computer science bibliography, http://dblp.org}
}

@article{SanSegundo:2011,
    author={San Segundo, Pablo and Rodr\'{\i}guez-Losada, Diego and Jim{\'e}nez, Agust\'{\i}n},
    title={An exact bit-parallel algorithm for the maximum clique problem},
    journal={Comput. Oper. Res.},
    issue_date={February, 2011},
    volume={38},
    number={2},
    month=feb,
    year={2011},
    issn={0305-0548},
    pages={571--581},
    url={http://dx.doi.org/10.1016/j.cor.2010.07.019},
    doi={10.1016/j.cor.2010.07.019},
    acmid={1860369},
    publisher={Elsevier Science Ltd.},
    address={Oxford, UK, UK},
}

@Article{Zampelli:2010,
    author =     {S. Zampelli and Y. Deville and C. Solnon},
    title =      {Solving subgraph isomorphism problems with constraint programming},
    journal =    {Constraints},
    volume =     {15},
    number =     {3},
    pages =      {327-353},
    year =       {2010},
    publisher =  {Springer}
}

@article{DeSanto:2003,
    author = {De Santo, M. and Foggia, P. and Sansone, C. and Vento, M.},
    title = {A large database of graphs and its use for benchmarking graph isomorphism algorithms},
    journal = {Pattern Recogn. Lett.},
    issue_date = {May 2003},
    volume = {24},
    number = {8},
    month = may,
    year = {2003},
    issn = {0167-8655},
    pages = {1067–1079},
    numpages = {13},
    url = {http://dx.doi.org/10.1016/S0167-8655(02)00253-2},
    doi = {10.1016/S0167-8655(02)00253-2},
    acmid = {763457},
    publisher = {Elsevier Science Inc.},
    address = {New York, NY, USA}
}

@inproceedings{Gent:1996:Kappa,
  author    = {Ian P. Gent and
               Ewan MacIntyre and
               Patrick Prosser and
               Toby Walsh},
  title     = {The Constrainedness of Search},
  booktitle = {Proceedings of the Thirteenth National Conference on Artificial Intelligence
               and Eighth Innovative Applications of Artificial Intelligence Conference,
               {AAAI} 96, {IAAI} 96, Portland, Oregon, August 4-8, 1996, Volume 1.},
  pages     = {246--252},
  year      = {1996},
  url       = {http://www.aaai.org/Library/AAAI/1996/aaai96-037.php},
  timestamp = {Tue, 19 Nov 2013 18:10:38 +0100},
  biburl    = {http://dblp.uni-trier.de/rec/bib/conf/aaai/GentMPW96},
  bibsource = {dblp computer science bibliography, http://dblp.org}
}

@inproceedings{Gent:1996:EN,
    author    = {Ian P. Gent and
        Ewan MacIntyre and
            Patrick Prosser and
            Barbara M. Smith and
            Toby Walsh},
    title     = {An Empirical Study of Dynamic Variable Ordering Heuristics for the
        Constraint Satisfaction Problem},
    booktitle = {Proceedings of the Second International Conference on Principles and
        Practice of Constraint Programming, Cambridge, Massachusetts, USA,
        August 19-22, 1996},
    pages     = {179--193},
    year      = {1996},
    url       = {http://dx.doi.org/10.1007/3-540-61551-2_74},
    doi       = {10.1007/3-540-61551-2_74},
    timestamp = {Fri, 24 Jun 2011 20:39:32 +0200},
    biburl    = {http://dblp.uni-trier.de/rec/bib/conf/cp/gentMPSW96},
    bibsource = {dblp computer science bibliography, http://dblp.org}
}

@article{Damiand:2011,
    title = "Polynomial algorithms for subisomorphism of {$n$D} open combinatorial maps ",
    journal = "Computer Vision and Image Understanding ",
    volume = "115",
    number = "7",
    pages = "996 - 1010",
    year = "2011",
    note = "Special issue on Graph-Based Representations in Computer Vision ",
    issn = "1077-3142",
    doi = "http://dx.doi.org/10.1016/j.cviu.2010.12.013",
    url = "http://www.sciencedirect.com/science/article/pii/S1077314211000816",
    author = "Guillaume Damiand and Christine Solnon and Colin de la Higuera and Jean-Christophe Janodet and \'{E}milie Samuel",
    keywords = "Open combinatorial maps",
    keywords = "Isomorphism and subisomorphism",
    keywords = "Pattern detection",
    keywords = "2D and 3D images "
}

@article{Conte:2004,
    author = {Conte, D. and Foggia, P. and Sansone, C. and Vento, M.},
    title = {Thirty years of graph matching in pattern recognition},
    journal = {International Journal of Pattern Recognition and Artificial Intelligence},
    volume = {18},
    number = {03},
    pages = {265-298},
    year = {2004},
    doi = {10.1142/S0218001404003228},
    URL = {http://www.worldscientific.com/doi/abs/10.1142/S0218001404003228},
    eprint = {http://www.worldscientific.com/doi/pdf/10.1142/S0218001404003228}
}

@article{Giugno:2013,
    author = {Giugno, Rosalba AND Bonnici, Vincenzo AND Bombieri, Nicola AND Pulvirenti, Alfredo AND Ferro, Alfredo AND Shasha, Dennis},
    journal = {PLoS ONE},
    publisher = {Public Library of Science},
    title = {{GRAPES}: A Software for Parallel Searching on Biological Graphs Targeting Multi-Core Architectures},
    year = {2013},
    month = {10},
    volume = {8},
    url = {http://dx.doi.org/10.1371%2Fjournal.pone.0076911},
    pages = {e76911},
    number = {10},
    doi = {10.1371/journal.pone.0076911}
}

@article{Solnon:2015,
    title = "On the complexity of submap isomorphism and maximum common submap problems ",
    journal = "Pattern Recognition ",
    volume = "48",
    number = "2",
    pages = "302 - 316",
    year = "2015",
    note = "",
    issn = "0031-3203",
    doi = "http://dx.doi.org/10.1016/j.patcog.2014.05.019",
    url = "http://www.sciencedirect.com/science/article/pii/S0031320314002192",
    author = "Christine Solnon and Guillaume Damiand and Colin de la Higuera and Jean-Christophe Janodet",
    keywords = "Generalized map",
    keywords = "Submap isomorphism",
    keywords = "Maximum common submap",
    keywords = "Complexity",
    keywords = "Plane graph",
    keywords = "Fixed-Parameter Tractable (FPT) "
}


@inproceedings{Battiti:2007,
    author    = {R. Battiti and F. Mascia},
    title     = {An Algorithm Portfolio for the Sub-graph Isomorphism Problem},
    booktitle = {Engineering Stochastic Local Search Algorithms. Designing, Implementing
        and Analyzing Effective Heuristics, International Workshop, {SLS}
        2007, Brussels, Belgium, September 6-8, 2007, Proceedings},
    pages     = {106--120},
    series    = {Lecture Notes in Computer Science},
    volume    = {4638},
    publisher = {Springer},
    year      = {2007}
}

@Inbook{Carletti:2015,
    author="Carletti, Vincenzo
        and Foggia, Pasquale
        and Vento, Mario",
    chapter="VF2 Plus: An Improved version of VF2 for Biological Graphs",
    title="Graph-Based Representations in Pattern Recognition: 10th IAPR-TC-15 International Workshop, GbRPR 2015, Beijing, China, May 13-15, 2015. Proceedings",
    year="2015",
    publisher="Springer International Publishing",
    address="Cham",
    pages="168--177",
    isbn="978-3-319-18224-7",
    doi="10.1007/978-3-319-18224-7_17",
    url="http://dx.doi.org/10.1007/978-3-319-18224-7_17"
}

@misc{glucose,
    title={The {Glucose} {SAT} Solver},
    author={Audemard, Gilles and Simon, Laurent},
    year={2014}
}


